@article{Fama1970,
    title={Efficient Capital Markets: A Review of Theory and Empirical Work},
    author={Fama, Eugene F.},
    journal={The Journal of Finance},
    volume={25},
    number={2},
    pages={384-385},
    year={1970},
    publisher={Wiley for the American Finance Association}
}

@article{Sharpe1964,
    title={Capital Asset Prices: A Theory of Market Equilibrium under Conditions of Risk},
    author={Sharpe, William F.},
    journal={The Journal of Finance},
    volume={19},
    number={3},
    pages={425-442},
    year={1964},
    publisher={Wiley for the American Finance Association}
}

@article{Lintner1965,
    title={The Valuation of Risk Assets and the Selection of Risky Investments in Stock Portfolios and Capital Budgets},
    author={Lintner, John},
    journal={The Review of Economics and Statistics},
    volume={47},
    number={1},
    pages={13-37},
    year={1965},
    publisher={MIT Press}
}

@article{Ross1976,
    title={The Arbitrage Theory of Capital Asset Pricing},
    author={Ross, Stephen A.},
    journal={Journal of Economic Theory},
    volume={13},
    number={3},
    pages={341-360},
    year={1976},
    publisher={Elsevier}
}

@article{FamaFrench1992,
    title={The Cross-Section of Expected Stock Returns},
    author={Fama, Eugene F. and French, Kenneth R.},
    journal={The Journal of Finance},
    volume={47},
    number={2},
    pages={427-465},
    year={1992},
    publisher={Wiley for the American Finance Association}
}


@article{FamaFrench2014,
    title={A five-factor asset pricing model},
    author={Fama, Eugene F. and French, Kenneth R.},
    journal={Journal of Financial Economics},
    volume={116},
    number={1},
    pages={1-22},
    year={2014},
    publisher={Elsevier}
}


@article{FamaFrench2012,
  title = {Size, Value, and Momentum in International Stock Returns},
  author = {Fama, Eugene F. and French, Kenneth R.},
  journal = {Journal of Financial Economics},
  volume = {105},
  number = {3},
  pages = {457-472},
  year = {2012},
  publisher = {Elsevier},
}


@article{FamaFrench1997,
    title = {Industry costs of equity},
    author = {Fama, Eugene F. and French, Kenneth R.},
    journal = {Journal of Financial Economics},
    volume = {43},
    number = {2},
    pages = {153-193},
    year = {1997},
}
